@misc{RTMP,
author = "Wikipedia",
title = "Real-Time Messaging Protocol --- Wikipedia, The Free Encyclopedia",
year = "2024",
howpublished = "online",
url={http://en.wikipedia.org/w/index.php?title=Real-Time\%20Messaging\%20Protocol&oldid=1119839524},
cited ="2024-01-03"
}
@misc{Flight-Control-dji, 
title={Flight Control },
url={https://developer.dji.com/mobile-sdk/documentation/introduction/flightController_concepts.html},
author={DJI},
year = "2016",
month=12,
howpublished = "online",
cited ="2024-01-04"
} 
@misc{PreflightChecklistDJI, 
title={A Beginner's Guide to DJI Mini 3 },
url={https://support.dji.com/help/content?customId=en-us03400007192&spaceId=34&re=US&lang=en#!},
author={DJI},
year = "2024",
howpublished = "online",
cited ="2024-01-04"
} 
@misc{PreflightChecklistSaftyCulture, 
title={Drone Preflight Checklists},
url={https://safetyculture.com/checklists/drone-preflight/},
author={SafetyCulture},
year = "2024",
howpublished = "online",
cited ="2024-01-04"
} 
@misc{EASA:SpecificCategory, 
title={Specific Category - Civil Drones},
url={https://www.easa.europa.eu/en/domains/civil-drones-rpas/specific-category-civil-drones},
author={EASA},
year = "2024",
howpublished = "online",
cited ="2024-01-05"
} 
@misc{EASA:CertifiedCategory, 
title={Certified Category - Civil Drones},
url={https://www.easa.europa.eu/en/domains/civil-drones-rpas/certified-category-civil-drones},
author={EASA},
year = "2024",
howpublished = "online",
cited ="2024-01-05"
} 
@misc{DroneKatogorySouhrn, 
title={All about Drone Categories: Open, Specific and Certified},
url={https://umilesgroup.com/en/all-about-drone-categories-open-specific-and-certified/},
author={UMILES GROUP},
year = "2023",
month="8",
howpublished = "online",
cited ="2024-01-05"
} 
@misc{EASA:openSouhrn2024, 
title={Drone Open Category - Applicable requirements to fly from the 1st of January 2024},
url={https://www.easa.europa.eu/en/document-library/general-publications/drone-open-category-applicable-requirements-fly-1st-january},
author={EASA},
year = "2023",
month="12",
howpublished = "online",
cited ="2024-01-05"
} 
@misc{AlzaDronyKategorie, 
title={Pravidla pro létání s drony 2023 (LEGISLATIVA)},
url={https://www.alza.cz/pravidla-pro-drony-legislativa#licence},
author={Alza},
year = "2023",
month="11",
howpublished = "online",
cited ="2024-01-05"
} 
@misc{Quadcopter,
author = "Wikipedia",
title = "Quadcopter--- Wikipedia, The Free Encyclopedia",
year = "2024",
howpublished = "online",
url={https://en.wikipedia.org/wiki/Quadcopter},
cited ="2024-01-07"
}
@misc{DroneHistory,
author = "Kashyap Vyas",
title = "A brief history of drones: from pilotless balloons to roaming killers",
year = "2023",
month = "4",
howpublished = "online",
url={https://interestingengineering.com/innovation/a-brief-history-of-drones-the-remote-controlled-unmanned-aerial-vehicles-uavs},
cited ="2024-01-07"
}
@misc{DroneHistory2WWX,
author = "Nikola Budanovic",
title = "The Early Days Of Drones – Unmanned Aircraft From World War One And World War Two",
year = "2017",
month = "1",
howpublished = "online",
url={https://www.warhistoryonline.com/military-vehicle-news/short-history-drones-part-1.html},
cited ="2024-01-07"
}
@misc{UAVMeaning,
author = "Margaret Rouse",
title = "Unmanned Aerial Vehicle",
year = "2014",
month = "1",
howpublished = "online",
url={https://www.techopedia.com/definition/29896/unmanned-aerial-vehicle-uav},
cited ="2024-01-07"
}
@misc{DroneHistory3,
author = "Richard J. Gross",
title = "Complete Evolution \& History of Drones: From 1800s to 2023",
year = "2023",
month = "5",
howpublished = "online",
url={https://www.propelrc.com/history-of-drones/},
cited ="2024-01-07"
}
@misc{Multirotor,
author = {{Pilot Institute}},
title = "Is a Drone with More Rotors Better?",
year = "2021",
month = "9",
howpublished = "online",
url={https://pilotinstitute.com/more-rotors-better/},
cited ="2024-01-07"
}
@misc{bateriesDron,
author = {Oscarliang},
title = "Using LiPo Batteries for FPV Drones: A Beginner’s Guide with Top Product Recommendations",
year = "2023",
month = "1",
howpublished = "online",
url={https://oscarliang.com/lipo-battery-guide/#LiHV},
cited ="2024-01-07"
}
@misc{droneSenzors,
author = {Joseph flynt},
title = "What Sensors Do Drones Use?",
year = "2019",
month = "4",
howpublished = "online",
url={https://3dinsider.com/drone-sensors/},
cited ="2024-01-07"
}
@misc{KyjacMartin2022Vnpp,
publisher = {Vysoké učení technické v Brně. Fakulta informačních technologií},
year = {2022},
title = {Vizualizační nástroj pro pilota dronu v Microsoft HoloLens 2},
language = {cze},
author = {Kyjac, Martin},
keywords = {dron; Microsoft Hololens 2; rozšírená realita; AR; unity; UWP; používateľské rozhranie; drone; augmented reality; user interface},
}
@webpage{Wireframing,
title =  "Wireframing in UI/UX Design",
howpublished = "online",
url = "https://medium.com/detaux/what-is-ui-ux-wireframe-designerrs-46dac9c8a153",
author={{Designerrs Academy}},
cited ="2023-01-09",
year="2020",
month="9",
}  
@misc{KomárekJakub2022Nzps,
publisher = {Vysoké učení technické v Brně. Fakulta informačních technologií},
year = {2022},
title = {Návrh zobrazení palubních systémů letounu},
language = {cze},
author = {Komárek, Jakub},
keywords = {Letecký kokpit; nadhlavový panel; dotykové ovládání; multifunkční displej; historie kokpitů; moderní kokpit; návrh uživatelského rozhraní; X-Plane 11; X-Plane Connect; MVC architektura; aplikační rámec Qt; Aircraft cockpit; over-head panel; touch control; multifuncional display; history of cockpits; modern cockpit; user inteface design; MVC architecture; Qt framework},
}
@book{Kniha1GreengardSamuel2019Vr,
series = {The MIT Press essential knowledge series},
publisher = {The MIT Press},
isbn = {978-0-262-53752-0},
year = {2019},
title = {Virtual reality},
language = {eng},
address = {Massachusetts ; London},
author = {Greengard, Samuel},
keywords = {virtuální realita vt; simulované prostředí; virtuální svět},
pages={18},
}
@book{Kniha2SchmalstiegDieter2016Ar:p,
publisher = {Boston},
isbn = {978-0-321-88357-5},
year = {2016},
title = {Augmented reality : principles and practice},
language = {eng;cze},
address = {Addison Wesley},
author = {Schmalstieg, Dieter},
keywords = {počítačová grafika vt; výpočetní technika vt; rozšířená realita},
}
@misc{HumanEye,
author = "Wikipedia",
title = "Human eye",
year = "2024",
howpublished = "online",
url={https://en.wikipedia.org/wiki/Human_eye#Field_of_view},
cited ="2024-01-14"
}
@misc{hololens1/2difrences,
author = "Jacek Kościesza",
title = "HoloLens 2 vs HoloLens 1: what’s new?",
year = "2020",
month="1",
howpublished = "online",
url={https://4experience.co/hololens-2-vs-hololens-1-whats-new/},
cited ="2024-01-14"
}
@misc{hololens2ms,
author = "Microsoft",
title = "About HoloLens 2",
year = "2023",
month="3",
howpublished = "online",
url={https://learn.microsoft.com/en-us/hololens/hololens2-hardware},
cited ="2024-01-14"
}
@misc{hololens2msOptions,
author = "Microsoft",
title = "Compare HoloLens 2 Options",
year = "2022",
month="10",
howpublished = "online",
url={https://learn.microsoft.com/en-us/hololens/hololens2-options},
cited ="2024-01-14"
}
@inproceedings{delgado2001hybrid,
title={Hybrid synthetic-vision system for the X-38 crew return vehicle},
author={Delgado, Frank J and Abernathy, Michael F and White, Janis},
booktitle={Enhanced and Synthetic Vision 2001},
volume={4363},
pages={181--188},
year={2001},
organization={SPIE}
}
@misc{historyAr,
author = "Svarmony",
title = "History of Augmented Reality",
year = "2022",
month="1",
howpublished = "online",
url={https://svarmony.com/blog/history-of-ar/},
cited ="2024-01-14"
}
@misc{MartaArt,
author = "Brian Albright",
title = "Volkswagen debuts augmented reality for the service department",
year = "2013",
month="11",
howpublished = "online",
url={https://www.vehicleservicepros.com/distribution/parts-distributor/aftermarket-technology/article/21183849/volkswagen-debuts-augmented-reality-for-the-service-department},
cited ="2024-01-14"
}
@misc{GoogleGlass,
author = "Jonathan Strickland",
title = "How Google Glass Works",
year = "2012",
month="7",
howpublished = "online",
url={https://electronics.howstuffworks.com/gadgets/other-gadgets/project-glass.htm},
cited ="2024-01-14"
}
@misc{unity1,
author = "Wikipedia",
title = "Unity (game engine)",
year = "2024",
month="1",
howpublished = "online",
url={https://en.wikipedia.org/wiki/Unity_(game_engine)},
cited ="2024-01-18"
}
@misc{unity2,
author = "Adam Sinicki",
title = "What is Unity? Everything you need to know",
year = "2021",
month="3",
howpublished = "online",
url={https://www.androidauthority.com/what-is-unity-1131558/},
cited ="2024-01-18"
}
@misc{cSharp,
author = "Wikipedia",
title = "C Sharp (programming language)",
year = "2024",
month="1",
howpublished = "online",
url={https://en.wikipedia.org/wiki/C_Sharp_%28programming_language%29},
cited ="2024-01-18"
}
@misc{blender,
author = "Blender",
title = "About Blender - Introduction",
year = "2024",
month="1",
howpublished = "online",
url={https://docs.blender.org/manual/en/latest/getting_started/about/introduction.html},
cited ="2024-01-18"
}
@misc{blenderUnity,
author = "Pablo Farias",
title = "How to Import Models from Blender to Unity",
year = "2023",
month="11",
howpublished = "online",
url={https://gamedevacademy.org/how-to-import-blender-models-into-unity-your-one-stop-guide/},
cited ="2024-01-18"
}
@misc{gitGithub,
author = "{Mozilla Corporation’s}",
title = "Git and GitHub",
year = "2023",
month="7",
howpublished = "online",
url={https://developer.mozilla.org/en-US/docs/Learn/Tools_and_testing/GitHub},
cited ="2024-01-18"
}
%%%%%%%%%%%%%%%%%%%%%%%%%%%  zdroje obrázků  %%%%%%%%%%%%%%%%%%%%%%%%%%% 

@misc{mavici2pic,
author = {},
title = "Dji Mini 2 : DJI Mavic Mini 2 Skin - Retro Racer by Drone Squadron",
howpublished = "online",
url={https://www.blogger.com/blogin.g?blogspotURL=https://annemarien-images.blogspot.com/2021/03/dji-mini-2-dji-mavic-mini-2-skin-retro.html&type=blog},
cited ="2024-01-07",
revised="2024",
year="2024",
key="Z_1"
}
@misc{PreflightChecklistPdf, 
title={Pre-Flight Checklist },
url={https://dronedj.com/wp-content/uploads/sites/2/2020/08/DroneDJ-Preflight-Drone-Checklist-1.pdf},
year = "2020",
month=8,
howpublished = "online",
cited ="2024-01-04",
key="Z_3"
} 
@misc{droneIntrnals,
author = {},
title = "What Is The Working Principle Of Drone",
howpublished = "online",
url={https://image.regimage.org/what-is-the-working-principle-of-drone/},
cited ="2024-01-07",
revised="2024",
year="2024",
key="Z_2"
}
@misc{djiMotionPic,
author = {},
title = "DJI Motion Controller è intuitivo, fino a un certo punto",
howpublished = "online",
url={https://www.dji-store.it/il-dji-motion-controller-e-intuitivo-fino-a-un-certo-punto/},
cited ="2024-01-07",
revised="2024",
year="2024",
key="Z_3"
}
@misc{pakaOvladac,
author = {},
title = "3 Easy Ways to Charge DJI Mavic Mini Remote Controller",
howpublished = "online",
url={https://dronesfy.com/dji-mavic-mini-remote-controller/},
cited ="2024-01-07",
revised="2024",
year="2024",
key="Z_4"
}
@misc{pakaMody,
author = {Eric78},
title = "Quadricoptere: fonctionnement, configuration et pilotage RC",
howpublished = "online",
url={https://geekmag.fr/blog/2012/03/08/quadricoptere-fonctionnement-configuration-et-pilotage-rc/},
cited ="2024-01-07",
year="2012",
key="Z_5"
}
@misc{hololens2videoDemo,
author = "Microsoft",
title = "HoloLens 2 AR Headset: On Stage Live Demonstration",
year = "2019",
month="2",
howpublished = "online",
url={https://www.youtube.com/watch?v=uIHPPtPBgHk},
cited ="2024-01-14",
key="Z_6"
}
@misc{hudPic,
author = "Fly Real HUDs",
title = "Air Transport HUD",
year = "2020",
howpublished = "online",
url={https://flyrealhuds.com/product/air-transport-hud/},
cited ="2024-01-19",
key="Z_7"
}