% Encoding: windows-1250

@misc{KyjacMartin2022Vnpp,
publisher = {Vysoké učení technické v Brně. Fakulta informačních technologií},
year = {2022},
title = {Vizualizační nástroj pro pilota dronu v Microsoft HoloLens 2},
language = {cze},
author = {Kyjac, Martin},
keywords = {dron; Microsoft Hololens 2; rozšírená realita; AR; unity; UWP; používateľské rozhranie; drone; augmented reality; user interface},
}
@misc{VáclavíkMarek2021Vnpp,
publisher = {Vysoké učení technické v Brně. Fakulta informačních technologií},
year = {2021},
title = {Vizualizační nástroj pro pilota dronu v Microsoft HoloLens 2},
language = {cze},
author = {Václavík, Marek},
keywords = {Microsoft Hololens 2; rozšířená realita; virtuální realita; smíšená realita; AR; VR; MR; dron; ovládání dronů; mise; navigační prvky; Unity; UWP; Microsoft Hololens 2; augmented reality; virtual reality; mixed reality; drone; drone control; mission; navigation elements},
}

@article{zollmann2014flyar,
  title={Flyar: Augmented reality supported micro aerial vehicle navigation},
  author={Zollmann, Stefanie and Hoppe, Christof and Langlotz, Tobias and Reitmayr, Gerhard},
  journal={IEEE transactions on visualization and computer graphics},
  volume={20},
  number={4},
  pages={560--568},
  year={2014},
  publisher={IEEE}
}
@inproceedings{walker2018communicating,
  title={Communicating robot motion intent with augmented reality},
  author={Walker, Michael and Hedayati, Hooman and Lee, Jennifer and Szafir, Daniel},
  booktitle={Proceedings of the 2018 ACM/IEEE International Conference on Human-Robot Interaction},
  pages={316--324},
  year={2018}
}
@inproceedings{hedayati2018improving,
  title={Improving collocated robot teleoperation with augmented reality},
  author={Hedayati, Hooman and Walker, Michael and Szafir, Daniel},
  booktitle={Proceedings of the 2018 ACM/IEEE International Conference on Human-Robot Interaction},
  pages={78--86},
  year={2018}
}
@article{konstantoudakis2022drone,
  title={Drone control in AR: an intuitive system for single-handed gesture control, drone tracking, and contextualized camera feed visualization in augmented reality},
  author={Konstantoudakis, Konstantinos and Christaki, Kyriaki and Tsiakmakis, Dimitrios and Sainidis, Dimitrios and Albanis, Georgios and Dimou, Anastasios and Daras, Petros},
  journal={Drones},
  volume={6},
  number={2},
  pages={43},
  year={2022},
  publisher={MDPI}
}
@inproceedings{liu2018usability,
  title={Usability evaluation for drone mission planning in virtual reality},
  author={Liu, Yifei and Yang, Nancy and Li, Alyssa and Paterson, Jesse and McPherson, David and Cheng, Tom and Yang, Allen Y},
  booktitle={Virtual, Augmented and Mixed Reality: Applications in Health, Cultural Heritage, and Industry: 10th International Conference, VAMR 2018, Held as Part of HCI International 2018, Las Vegas, NV, USA, July 15-20, 2018, Proceedings, Part II 10},
  pages={313--330},
  year={2018},
  organization={Springer}
}
@inproceedings{li2015flying,
  title={Flying frustum: A spatial interface for enhancing human-uav awareness},
  author={Li, Nico and Cartwright, Stephen and Shekhar Nittala, Aditya and Sharlin, Ehud and Costa Sousa, Mario},
  booktitle={Proceedings of the 3rd International Conference on Human-Agent Interaction},
  pages={27--31},
  year={2015}
}
@Comment{jabref-meta: databaseType:biblatex;}
